@inproceedings{reisinger2010multi,
  title={Multi-prototype vector-space models of word meaning},
  author={Reisinger, Joseph and Mooney, Raymond J},
  booktitle={Human Language Technologies: The 2010 Annual Conference of the North American Chapter of the Association for Computational Linguistics},
  pages={109--117},
  year={2010},
  organization={Association for Computational Linguistics}
}
@article{trask2015sense2vec,
  title={sense2vec-A fast and accurate method for word sense disambiguation in neural word embeddings},
  author={Trask, Andrew and Michalak, Phil and Liu, John},
  journal={arXiv preprint arXiv:1511.06388},
  year={2015}
}
@article{yuan2016word,
  title={Word Sense Disambiguation with Neural Language Models},
  author={Yuan, Dayu and Doherty, Ryan and Richardson, Julian and Evans, Colin and Altendorf, Eric},
  journal={arXiv preprint arXiv:1603.07012},
  year={2016}
}
@article{neelakantan2015efficient,
  title={Efficient non-parametric estimation of multiple embeddings per word in vector space},
  author={Neelakantan, Arvind and Shankar, Jeevan and Passos, Alexandre and McCallum, Andrew},
  journal={arXiv preprint arXiv:1504.06654},
  year={2015}
}
@article{wang2015solving,
  title={Solving verbal comprehension questions in IQ test by Knowledge-Powered word embedding},
  author={Wang, Huazheng and Tian, Fei and Gao, Bin and Bian, Jiang and Liu, Tie-Yan},
  journal={arXiv preprint arXiv:1505.07909},
  year={2015}
}
@inproceedings{tian2014probabilistic,
  title={A Probabilistic Model for Learning Multi-Prototype Word Embeddings.},
  author={Tian, Fei and Dai, Hanjun and Bian, Jiang and Gao, Bin and Zhang, Rui and Chen, Enhong and Liu, Tie-Yan},
  booktitle={COLING},
  pages={151--160},
  year={2014}
}
@article{li2015multi,
  title={Do multi-sense embeddings improve natural language understanding?},
  author={Li, Jiwei and Jurafsky, Dan},
  journal={arXiv preprint arXiv:1506.01070},
  year={2015}
}
@article{mikolov2013efficient,
  title={Efficient estimation of word representations in vector space},
  author={Mikolov, Tomas and Chen, Kai and Corrado, Greg and Dean, Jeffrey},
  journal={arXiv preprint arXiv:1301.3781},
  year={2013}
}
@inproceedings{mairal2009online,
  title={Online dictionary learning for sparse coding},
  author={Mairal, Julien and Bach, Francis and Ponce, Jean and Sapiro, Guillermo},
  booktitle={Proceedings of the 26th annual international conference on machine learning},
  pages={689--696},
  year={2009},
  organization={ACM}
}
@article{arora2015rand,
  title={Rand-walk: A latent variable model approach to word embeddings},
  author={Arora, Sanjeev and Li, Yuanzhi and Liang, Yingyu and Ma, Tengyu and Risteski, Andrej},
  journal={arXiv preprint arXiv:1502.03520},
  year={2015}
}
@article{olshausen1996emergence,
  title={Emergence of simple-cell receptive field properties by learning a sparse code for natural images},
  author={Olshausen, Bruno A and others},
  journal={Nature},
  volume={381},
  number={6583},
  pages={607--609},
  year={1996}
}
@inproceedings{pennington2014glove,
  author = {Jeffrey Pennington and Richard Socher and Christopher D. Manning},
  booktitle = {Empirical Methods in Natural Language Processing (EMNLP)},
  title = {GloVe: Global Vectors for Word Representation},
  year = {2014},
  pages = {1532--1543},
  url = {http://www.aclweb.org/anthology/D14-1162},
}
@inproceedings{gillick2009sentence,
  title={Sentence boundary detection and the problem with the US},
  author={Gillick, Dan},
  booktitle={Proceedings of Human Language Technologies: The 2009 Annual Conference of the North American Chapter of the Association for Computational Linguistics, Companion Volume: Short Papers},
  pages={241--244},
  year={2009},
  organization={Association for Computational Linguistics}
}